
%channel morphology stuff
@article{pitcher_smith_2019, title={Supraglacial Streams and Rivers}, volume={47}, DOI={10.1146/annurev-earth-053018-060212}, number={1}, journal={Annual Review of Earth and Planetary Sciences}, author={Pitcher, Lincoln H and Smith, Laurence C.}, year={2019}, pages={421-452} }

@article{pitcher_smith_2015, title={Efficient meltwater drainage through supraglacial streams and rivers on the southwest Greenland ice sheet}, volume={112}, DOI={10.1073/pnas.1413024112}, number={4}, journal={Proceedings of the National Academy of Sciences}, author={Smith, Laurence C. and Chu, Vena W. and Yang, Kang and Gleason, Colin J. and Pitcher, Lincoln H. and Rennermalm, Asa K. and Legleiter, Carl J. and Behar, Alberto E. and Overstreet, Brandon T. and Moustafa, Samiah E. and et al.}, year={2015}, pages={1001-1006} }

@article{gleason_2016, title={Characterizing supraglacial meltwater channel hydraulics on the Greenland Ice Sheet fromin situobservations}, volume={41}, DOI={10.1002/esp.3977}, number={14}, journal={Earth Surface Processes and Landforms}, author={Gleason, Colin J. and Smith, Laurence C. and Chu, Vena W. and Legleiter, Carl J. and Pitcher, Lincoln H. and Overstreet, Brandon T. and Rennermalm, Asa K. and Forster, Richard R. and Yang, Kang}, year={2016}, pages={2111-2122} }
%drifter stuff
@article{pressure_inertia, 
title={Pressure and inertia sensing drifters for glacial hydrology flow path measurements}, 
volume={14}, DOI={10.5194/tc-14-1009-2020}, number={3}, journal={The Cryosphere}, author={Alexander, Andreas and Kruusmaa, Maarja and Tuhtan, Jeffrey A. and Hodson, Andrew J. and Schuler, Thomas V. and Kaab, Andreas}, year={2020}, pages={1009-1023} }

@article{multiscale_change, 
title={Multiscale change detection in a supraglacial stream using surface drifters}, 
ISBN={978-0-367-62773-7}, 
journal={River Flow}, 
author={Tuhtan, J.A. and Alexander, A. and Kruusmaa, M. and Fuentes-Pérez, J.F.}, 
year={2020} 
 }
 
@unpublished{topology_and_pressure,
title = {Topology and pressure distribution reconstruction of an englacial channel},
author = {Piho, L. and Alexander, A. and Kruusmaa, M.},
year = {2020}
}

%kongsvegen stuff
@article{kongsvegen_study_area, 
title={A decade of energy and mass balance investigations on the glacier Kongsvegen, Svalbard}, 
volume={118}, 
DOI={10.1029/2012jd018342}, 
number={10}, 
journal={Journal of Geophysical Research: Atmospheres}, author={Karner, F. and Obleitner, F. and Krismer, T. and Kohler, J. and Greuell, W.}, year={2013}, pages={3986-4000} }

@article{thermal_regime_of_glaciers_mapped_by_mfres_1996, 
title={The thermal regime of sub-polar glaciers mapped by multi-frequency radio-echo sounding}, 
volume={42}, 
DOI={10.1017/s0022143000030495}, 
number={140}, 
journal={Journal of Glaciology}, 
author={Björnsson, Helgi and Gjessing, Yngvar and Hamran, Svein-Erik and Hagen, Jon Ove and LiestøL, Olav and Pálsson, Finnur and Erlingsson, Björn}, 
year={1996}, 
pages={23-32} }

@unpublished{verge_of_a_surge,
title = {On the verge of a surge; Kongsvegen, northwestern Svalbard.},
author = {Kohler, J. and  Benn, D. and  Borstad, C. and  Doyle, S. H. and  Hamran, S. E. and Hubbard, B. P. and  Luckman, A. J. and  Main, B. and  Messerli, A. and Miles, K. E. and  Øyan, M. J. and  Nuth, C. and  Porter, P. R.},
journal = {American Geophysical Union, Fall Meeting},
year = {2018}}


%not categorised 
@article{burgess_forster_larsen_braun_2012, title={Surge dynamics on Bering Glacier, Alaska, in 2008-2011}, volume={6}, DOI={10.5194/tc-6-1251-2012}, number={6}, journal={The Cryosphere}, author={Burgess, E. W. and Forster, R. R. and Larsen, C. F. and Braun, M.}, year={2012}, pages={1251-1262} }

@article{ice_shelf_stability,
title = {Antarctic ice shelf potentially stabilized by export of meltwater in surface river},
author = {Bell, R. E. and Chu, W. and Kingslake, J. and Das, I. and Tedesco, M.},
journal = {Nature}
}

@article{mass_loss_trend,
title={On Rates and Acceleration Trends of Global Glacier Mass Changes}, 
volume={81}, 
DOI={10.1111/j.0435-3676.1999.00086.x}, 
number={4}, 
journal={Geografiska Annaler, 
Series A: Physical Geography}, 
author={Haeberli, Wilfried and Frauenfelder, Regula and Hoelzle, Martin and Maisch, Max}, 
year={1999}, pages={585-591} }


@article{Surge_type_glacier, 
title={Evolution of a Surge-Type Glacier in its Quiescent Phase: Kongsvegen, Spitsbergen, 1964-95}, 
volume={44}, DOI={10.1017/s0022143000002720}, 
number={147}, journal={Journal of Glaciology}, 
author={Melvold, Kjetil and Ove Hagen, Jon}, 
year={1998}, 
pages={394-404} }

@article{IPCC_2019,
    author = {H.-O. Pörtner and D.C. Roberts and V. Masson-Delmotte and P. Zhai and M. Tignor and E. Poloczanska and K. Mintenbeck and A. Alegría and M. Nicolai and A. Okem and J. Petzold and B. Rama and N.M. Weyer},
    title =  {IPCC 2019: IPCC Special Report on the Ocean and Cryosphere in a Changing Climate.},
    journal =      {IPCC},
    year =         {2019},
    DOI =          {http://dx.doi.org/10.1002/andp.19053221004}
}